@Article{Zucchi,
author = {Kristina Zucchi},
title = {Did Derivatives Cause The Recession?},
journal = {Investopedia},
year = {2019},
OPTkey = {•},
OPTvolume = {•},
OPTnumber = {•},
OPTpages = {•},
OPTmonth = {•},
OPTnote = {•},
OPTannote = {•}
}


@Book{finKont,
author = {Thomas Björk},
ALTeditor = {•},
title = {Arbitrage Theory in Continuous Time},
publisher = {Oxford},
year = {2009},
OPTkey = {•},
OPTvolume = {•},
OPTnumber = {•},
OPTseries = {•},
OPTaddress = {•},
edition = {Third edition},
OPTmonth = {•},
OPTnote = {•},
OPTannote = {•}
}



@article{B-S-Paper,
author = {Fischer Black and Myron Scholes},
title = {The Pricing of Options and Corporate Liabilities},
journaltitle = {The Journal of Political Economy},
year = {1973},
OPTtranslator = {•},
OPTannotator = {•},
OPTcommentator = {•},
OPTsubtitle = {•},
OPTtitleaddon = {•},
OPTeditor = {•},
OPTeditora = {•},
OPTeditorb = {•},
OPTeditorc = {•},
OPTjournalsubtitle = {•},
OPTissuetitle = {•},
OPTissuesubtitle = {•},
OPTlanguage = {•},
OPToriglanguage = {•},
OPTseries = {•},
volume = {81},
number = {3},
OPTeid = {•},
OPTissue = {•},
month = {May-Jun},
pages = {637-654},
OPTversion = {•},
OPTnote = {•},
OPTissn = {•},
OPTaddendum = {•},
OPTpubstate = {•},
OPTdoi = {•},
OPTeprint = {•},
OPTeprintclass = {•},
OPTeprinttype = {•},
url = {http://www.jstor.org/stable/1831029},
urldate = {2020-02-09},
}

@article{binomial-Paper,
author = {John Cox and Stephen Ross, Mark Rubinstein},
title = {Option princing: A simplified approach},
journaltitle = {Journal of Financial Economics},
year = {1979},
OPTtranslator = {•},
OPTannotator = {•},
OPTcommentator = {•},
OPTsubtitle = {•},
OPTtitleaddon = {•},
OPTeditor = {•},
OPTeditora = {•},
OPTeditorb = {•},
OPTeditorc = {•},
OPTjournalsubtitle = {•},
OPTissuetitle = {•},
OPTissuesubtitle = {•},
OPTlanguage = {•},
OPToriglanguage = {•},
OPTseries = {•},
volume = {7},
number = {},
OPTeid = {•},
OPTissue = {•},
month = {July},
pages = {229-263},
OPTversion = {•},
OPTnote = {•},
OPTissn = {•},
OPTaddendum = {•},
OPTpubstate = {•},
OPTdoi = {•},
OPTeprint = {•},
OPTeprintclass = {•},
OPTeprinttype = {•},
url = {},
urldate = {},
}

@article{Merton73,
author = {Robert C. Merton},
title = {Theory of Rational Option Pricing},
journaltitle = {The Bell Journal of Economics and Management Science},
year = {1973},
volume = {4},
number = {1},
month = {Spring},
pages = {141-183},
OPTversion = {•},
url = {http://links.jstor.org/sici?sici=0005-8556%28197321%294%3A1%3C141%3ATOROP%3E2.0.CO%3B2-0},
urldate = {2020-05-14},
}

